%% This BibTeX bibliography file was created using BibDesk.
%% https://bibdesk.sourceforge.io/

%% Created for Dan Yurovsky at 2020-05-28 13:31:00 -0400 


%% Saved with string encoding Unicode (UTF-8) 



@article{firth1957,
	Author = {Firth, John R},
	Date-Added = {2020-05-28 13:30:55 -0400},
	Date-Modified = {2020-05-28 13:30:56 -0400},
	Journal = {Studies in linguistic analysis},
	Publisher = {Basil Blackwell},
	Title = {A synopsis of linguistic theory, 1930-1955},
	Year = {1957}}

@article{snow1972,
	Author = {Snow, Catherine E},
	Date-Added = {2020-02-03 11:06:35 -0500},
	Date-Modified = {2020-02-03 11:10:11 -0500},
	Journal = {Child development},
	Pages = {549--565},
	Publisher = {JSTOR},
	Title = {Mothers' speech to children learning language},
	Year = {1972}}

@inproceedings{mikolov2018,
	Author = {Mikolov, Tomas and Grave, Edouard and Bojanowski, Piotr and Puhrsch, Christian and Joulin, Armand},
	Booktitle = {Proceedings of the International Conference on Language Resources and Evaluation (LREC 2018)},
	Date-Added = {2020-02-02 12:27:25 -0500},
	Date-Modified = {2020-02-03 11:10:10 -0500},
	Title = {Advances in Pre-Training Distributed Word Representations},
	Year = {2018}}

@misc{davies2008,
	Author = {Davies, Mark},
	Date-Added = {2020-02-01 09:01:59 -0500},
	Date-Modified = {2020-02-03 11:10:10 -0500},
	Title = {The corpus of contemporary American English (COCA): 520 million words, 1990-present},
	Year = {2008}}

@inproceedings{rehurek2010,
	Address = {Valletta, Malta},
	Author = {Radim {\v R}eh{\r u}{\v r}ek and Petr Sojka},
	Booktitle = {{Proceedings of the LREC 2010 Workshop on New Challenges for NLP Frameworks}},
	Date-Added = {2020-01-31 17:27:52 -0500},
	Date-Modified = {2020-02-03 11:10:11 -0500},
	Day = 22,
	Language = {English},
	Month = May,
	Note = {\url{http://is.muni.cz/publication/884893/en}},
	Pages = {45--50},
	Publisher = {ELRA},
	Title = {{Software Framework for Topic Modelling with Large Corpora}},
	Year = 2010}

@article{lewis2019,
	Author = {Lewis, Molly and Zettersten, Martin and Lupyan, Gary},
	Date-Added = {2020-01-31 17:27:20 -0500},
	Date-Modified = {2020-02-03 11:10:10 -0500},
	Journal = {Proceedings of the National Academy of Sciences},
	Number = {39},
	Pages = {19237--19238},
	Publisher = {National Acad Sciences},
	Title = {Distributional semantics as a source of visual knowledge},
	Volume = {116},
	Year = {2019}}

@article{brysbaert2014,
	Author = {Brysbaert, Marc and Warriner, Amy Beth and Kuperman, Victor},
	Date-Added = {2020-01-29 20:00:54 -0500},
	Date-Modified = {2020-02-03 11:10:10 -0500},
	Journal = {Behavior research methods},
	Number = {3},
	Pages = {904--911},
	Publisher = {Springer},
	Title = {Concreteness ratings for 40 thousand generally known English word lemmas},
	Volume = {46},
	Year = {2014}}

@article{horowitz2016,
	Author = {Horowitz, Alexandra C and Frank, Michael C},
	Date-Added = {2020-01-29 18:51:07 -0500},
	Date-Modified = {2020-02-03 11:10:10 -0500},
	Journal = {Child development},
	Number = {3},
	Pages = {807--819},
	Publisher = {Wiley Online Library},
	Title = {Children's pragmatic inferences as a route for learning about the world},
	Volume = {87},
	Year = {2016}}

@article{sedivy2003,
	Author = {Sedivy, Julie C},
	Date-Added = {2020-01-29 17:43:46 -0500},
	Date-Modified = {2020-02-03 11:10:11 -0500},
	Journal = {Journal of psycholinguistic research},
	Number = {1},
	Pages = {3--23},
	Publisher = {Springer},
	Title = {Pragmatic versus form-based accounts of referential contrast: Evidence for effects of informativity expectations},
	Volume = {32},
	Year = {2003}}

@incollection{grice1975,
	Author = {Grice, Herbert P},
	Booktitle = {Speech acts},
	Date-Added = {2020-01-29 17:41:27 -0500},
	Date-Modified = {2020-02-03 11:10:10 -0500},
	Pages = {41--58},
	Publisher = {Brill},
	Title = {Logic and conversation},
	Year = {1975}}

@inproceedings{willits2008,
	Author = {Willits, Jon A and Sussman, Rachel Shirley and Amato, Michael S},
	Booktitle = {Proceedings of the 30th annual conference of the cognitive science society},
	Date-Added = {2020-01-29 17:33:58 -0500},
	Date-Modified = {2020-02-03 11:10:11 -0500},
	Pages = {2227--2232},
	Title = {Event knowledge vs. verb knowledge},
	Year = {2008}}

@article{johns2012,
	Author = {Johns, Brendan T and Jones, Michael N},
	Date-Added = {2020-01-29 17:22:48 -0500},
	Date-Modified = {2020-02-03 11:10:10 -0500},
	Journal = {Topics in Cognitive Science},
	Number = {1},
	Pages = {103--120},
	Publisher = {Wiley Online Library},
	Title = {Perceptual inference through global lexical similarity},
	Volume = {4},
	Year = {2012}}

@article{harris2006,
	Author = {Harris, Paul L and Koenig, Melissa A},
	Date-Added = {2020-01-29 17:20:46 -0500},
	Date-Modified = {2020-02-03 11:10:10 -0500},
	Journal = {Child development},
	Number = {3},
	Pages = {505--524},
	Publisher = {Wiley Online Library},
	Title = {Trust in testimony: How children learn about science and religion},
	Volume = {77},
	Year = {2006}}

@article{devlin2018,
	Author = {Devlin, Jacob and Chang, Ming-Wei and Lee, Kenton and Toutanova, Kristina},
	Date-Added = {2020-01-20 14:58:40 -0500},
	Date-Modified = {2020-02-03 11:10:10 -0500},
	Journal = {arXiv preprint arXiv:1810.04805},
	Title = {Bert: Pre-training of deep bidirectional transformers for language understanding},
	Year = {2018}}

@inproceedings{mikolov2013,
	Author = {Mikolov, Tomas and Sutskever, Ilya and Chen, Kai and Corrado, Greg S and Dean, Jeff},
	Booktitle = {Advances in neural information processing systems},
	Date-Added = {2020-01-20 14:57:40 -0500},
	Date-Modified = {2020-02-03 11:10:10 -0500},
	Pages = {3111--3119},
	Title = {Distributed representations of words and phrases and their compositionality},
	Year = {2013}}

@article{bedny2019,
	Author = {Bedny, Marina and Koster-Hale, Jorie and Elli, Giulia and Yazzolino, Lindsay and Saxe, Rebecca},
	Date-Added = {2020-01-20 14:55:59 -0500},
	Date-Modified = {2020-02-03 11:10:10 -0500},
	Journal = {Cognition},
	Pages = {105--115},
	Publisher = {Elsevier},
	Title = {There's more to ``sparkle'' than meets the eye: Knowledge of vision and light verbs among congenitally blind and sighted individuals},
	Volume = {189},
	Year = {2019}}

@book{landau2009,
	Author = {Landau, Barbara and Gleitman, Lila R and Landau, Barbara},
	Date-Added = {2020-01-20 14:52:58 -0500},
	Date-Modified = {2020-02-03 11:10:10 -0500},
	Publisher = {Harvard University Press},
	Title = {Language and experience: Evidence from the blind child},
	Volume = {8},
	Year = {2009}}

@article{landauer1997,
	Author = {Landauer, Thomas K and Dumais, Susan T},
	Date-Added = {2020-01-20 11:04:46 -0500},
	Date-Modified = {2020-02-03 11:10:10 -0500},
	Journal = {Psychological review},
	Number = {2},
	Pages = {211},
	Publisher = {American Psychological Association},
	Title = {A solution to Plato's problem: The latent semantic analysis theory of acquisition, induction, and representation of knowledge.},
	Volume = {104},
	Year = {1997}}

@article{rhodes2012,
	Author = {Rhodes, Marjorie and Leslie, Sarah-Jane and Tworek, Christina M},
	Date-Added = {2020-01-20 11:00:47 -0500},
	Date-Modified = {2020-02-03 11:10:11 -0500},
	Journal = {Proceedings of the National Academy of Sciences},
	Number = {34},
	Pages = {13526--13531},
	Publisher = {National Acad Sciences},
	Title = {Cultural transmission of social essentialism},
	Volume = {109},
	Year = {2012}}

@article{stahl2015,
	Author = {Stahl, Aimee E and Feigenson, Lisa},
	Date-Added = {2020-01-20 10:56:19 -0500},
	Date-Modified = {2020-02-03 11:10:11 -0500},
	Journal = {Science},
	Number = {6230},
	Pages = {91--94},
	Publisher = {American Association for the Advancement of Science},
	Title = {Observing the unexpected enhances infants' learning and exploration},
	Volume = {348},
	Year = {2015}}

@article{sloutsky2004,
	Author = {Sloutsky, Vladimir M and Fisher, Anna V},
	Date-Added = {2020-01-20 10:55:11 -0500},
	Date-Modified = {2020-02-03 11:10:11 -0500},
	Journal = {Journal of Experimental Psychology: General},
	Number = {2},
	Pages = {166},
	Publisher = {American Psychological Association},
	Title = {Induction and categorization in young children: a similarity-based model.},
	Volume = {133},
	Year = {2004}}

@book{rogers2004,
	Author = {Rogers, Timothy T and McClelland, James L},
	Date-Added = {2020-01-20 10:49:42 -0500},
	Date-Modified = {2020-02-03 11:10:11 -0500},
	Publisher = {MIT press},
	Title = {Semantic cognition: A parallel distributed processing approach},
	Year = {2004}}

@article{legare2016,
	Author = {Legare, Cristine H and Harris, Paul L},
	Date-Added = {2020-01-20 10:48:31 -0500},
	Date-Modified = {2020-02-03 11:10:10 -0500},
	Journal = {Child development},
	Number = {3},
	Pages = {633--642},
	Publisher = {Wiley Online Library},
	Title = {The ontogeny of cultural learning},
	Volume = {87},
	Year = {2016}}

@article{baillargeon1994,
	Author = {Baillargeon, Renee},
	Date-Modified = {2020-02-03 11:10:10 -0500},
	Journal = {Current Directions in Psychological Science},
	Number = {5},
	Pages = {133--140},
	Publisher = {SAGE Publications Sage CA: Los Angeles, CA},
	Title = {How do infants learn about the physical world?},
	Volume = {3},
	Year = {1994}}

@article{mangold1988,
	Author = {Mangold, Roland and Pobel, Rupert},
	Date-Modified = {2020-02-03 11:10:10 -0500},
	File = {SAGE PDF Full Text:/Users/clairebergey/Zotero/storage/CSCXE52K/Mangold and Pobel - 1988 - Informativeness and Instrumentality in Referential.pdf:application/pdf},
	Issn = {0261-927X},
	Journal = {Journal of Language and Social Psychology},
	Language = {en},
	Month = sep,
	Number = {3-4},
	Pages = {181--191},
	Title = {Informativeness and {Instrumentality} in {Referential} {Communication}},
	Urldate = {2018-11-20},
	Volume = {7},
	Year = {1988}}

@article{mitchell2013,
	Author = {Mitchell, Margaret and Reiter, Ehud and van Deemter, Kees},
	Date-Modified = {2020-02-03 11:10:11 -0500},
	File = {Mitchell et al. - Typicality and Object Reference.pdf:/Users/clairebergey/Zotero/storage/IA2G6FJQ/Mitchell et al. - Typicality and Object Reference.pdf:application/pdf},
	Language = {en},
	Pages = {7},
	Title = {Typicality and {Object} {Reference}},
	Year = {2013}}

@article{nadig2002,
	Author = {Nadig, Aparna S. and Sedivy, Julie C.},
	Date-Modified = {2020-02-03 11:10:11 -0500},
	File = {SAGE PDF Full Text:/Users/clairebergey/Zotero/storage/3YZ97QQM/Nadig and Sedivy - 2002 - Evidence of Perspective-Taking Constraints in Chil.pdf:application/pdf},
	Issn = {0956-7976},
	Journal = {Psychological Science},
	Month = jul,
	Number = {4},
	Pages = {329--336},
	Title = {Evidence of {Perspective}-{Taking} {Constraints} in {Children}'s {On}-{Line} {Reference} {Resolution}},
	Urldate = {2018-12-06},
	Volume = {13},
	Year = {2002}}

@article{rubio-fernandez2016,
	Author = {Rubio-Fern{\'a}ndez, Paula},
	Date-Modified = {2020-02-03 11:10:11 -0500},
	File = {Full Text PDF:/Users/clairebergey/Zotero/storage/PG29LB76/Rubio-Fern{\'a}ndez - 2016 - How Redundant Are Redundant Color Adjectives An E.pdf:application/pdf},
	Issn = {1664-1078},
	Journal = {Frontiers in Psychology},
	Keywords = {referential contrast, Color adjectives, Efficiency, informativeness, Object requests, Pertinence, redundancy},
	Language = {English},
	Shorttitle = {How {Redundant} {Are} {Redundant} {Color} {Adjectives}?},
	Title = {How {Redundant} {Are} {Redundant} {Color} {Adjectives}? {An} {Efficiency}-{Based} {Analysis} of {Color} {Overspecification}},
	Urldate = {2018-12-13},
	Volume = {7},
	Year = {2016}}

@book{greenfield1978,
	Author = {Greenfield, Patricia Marks and Zukow, Patricia Goldring},
	Date-Modified = {2020-02-03 11:10:10 -0500},
	File = {Full Text PDF:/Users/clairebergey/Zotero/storage/SENBG2KE/Greenfield and Zukow - 1978 - Why Do Children Say What They Say When They Say It.pdf:application/pdf;Snapshot:/Users/clairebergey/Zotero/storage/KK7PXFI6/eric.ed.gov.html:text/html},
	Keywords = {Language Acquisition, Child Language, Psycholinguistics, Infants, Language Research, Lexicology, Prediction},
	Language = {en},
	Month = aug,
	Shorttitle = {Why {Do} {Children} {Say} {What} {They} {Say} {When} {They} {Say} {It}?},
	Title = {Why {Do} {Children} {Say} {What} {They} {Say} {When} {They} {Say} {It}? {An} {Experimental} {Approach} to the {Psychogenesis} of {Presupposition}},
	Urldate = {2019-03-16},
	Year = {1978}}

@article{akhtar1996,
	Author = {Akhtar, Nameera and Carpenter, Malinda and Tomasello, Michael},
	Date-Modified = {2020-02-03 11:10:10 -0500},
	File = {Snapshot:/Users/clairebergey/Zotero/storage/K7GG48PL/j.1467-8624.1996.tb01756.html:text/html},
	Issn = {1467-8624},
	Journal = {Child Development},
	Language = {en},
	Number = {2},
	Pages = {635--645},
	Title = {The {Role} of {Discourse} {Novelty} in {Early} {Word} {Learning}},
	Urldate = {2019-03-16},
	Volume = {67},
	Year = {1996}}

@article{westerbeek2015,
	Author = {Westerbeek, Hans and Koolen, Ruud and Maes, Alfons},
	Date-Modified = {2020-02-03 11:10:11 -0500},
	File = {Full Text PDF:/Users/clairebergey/Zotero/storage/IGWCNFHR/Westerbeek et al. - 2015 - Stored object knowledge and the production of refe.pdf:application/pdf},
	Issn = {1664-1078},
	Journal = {Frontiers in Psychology},
	Keywords = {cognitive visual saliency, color typicality, content determination, models of reference production, reference production},
	Language = {English},
	Shorttitle = {Stored object knowledge and the production of referring expressions},
	Title = {Stored object knowledge and the production of referring expressions: the case of color typicality},
	Urldate = {2019-06-14},
	Volume = {6},
	Year = {2015}}

@article{goldin-meadow2014,
	Author = {Goldin-Meadow, Susan and Levine, Susan C and Hedges, Larry V and Huttenlocher, Janellen and Raudenbush, Stephen W and Small, Steven L},
	Date-Modified = {2020-02-03 11:10:10 -0500},
	Journal = {American Psychologist},
	Number = {6},
	Pages = {588},
	Publisher = {American Psychological Association},
	Title = {New evidence about language and cognitive development based on a longitudinal study: Hypotheses for intervention.},
	Volume = {69},
	Year = {2014}}

@article{bannard2017,
	Author = {Bannard, Colin and Rosner, Marla and Matthews, Danielle},
	Journal = {Psychological science},
	Number = {7},
	Pages = {954--966},
	Publisher = {Sage Publications Sage CA: Los Angeles, CA},
	Title = {What's worth talking about? Information theory reveals how children balance informativeness and ease of production},
	Volume = {28},
	Year = {2017}}

@article{baker1988,
	Author = {Baker, Nancy D. and Greenfield, Patricia M.},
	Date-Modified = {2020-05-28 13:30:59 -0400},
	Issn = {0388-0001},
	Journal = {Language Sciences},
	Month = jan,
	Number = {1},
	Pages = {3--34},
	Title = {The development of new and old information in young children's early language},
	Urldate = {2019-07-30},
	Volume = {10},
	Year = {1988}}
